@ARTICLE{spruit2002,
       author = {{Spruit}, H.~C.},
        title = "{Dynamo action by differential rotation in a stably stratified stellar interior}",
      journal = {\aap},
     keywords = {MAGNETOHYDRODYNAMICS (MHD), STARS: MAGNETIC FIELDS, INSTABILITIES, Astrophysics},
         year = 2002,
        month = jan,
       volume = {381},
        pages = {923-932},
          doi = {10.1051/0004-6361:20011465},
archivePrefix = {arXiv},
       eprint = {astro-ph/0108207},
 primaryClass = {astro-ph},
       adsurl = {https://ui.adsabs.harvard.edu/abs/2002A&A...381..923S},
      adsnote = {Provided by the SAO/NASA Astrophysics Data System}
}

@ARTICLE{wong2012,
       author = {{Wong}, Tsing-Wai and {Valsecchi}, Francesca and {Fragos}, Tassos and {Kalogera}, Vassiliki},
        title = "{Understanding Compact Object Formation and Natal Kicks. III. The Case of Cygnus X-1}",
      journal = {\apj},
     keywords = {binaries: close, X-rays: binaries, X-rays: individual: Cygnus X-1, Astrophysics - High Energy Astrophysical Phenomena},
         year = 2012,
        month = mar,
       volume = {747},
       number = {2},
          eid = {111},
        pages = {111},
          doi = {10.1088/0004-637X/747/2/111},
archivePrefix = {arXiv},
       eprint = {1107.5585},
 primaryClass = {astro-ph.HE},
       adsurl = {https://ui.adsabs.harvard.edu/abs/2012ApJ...747..111W},
      adsnote = {Provided by the SAO/NASA Astrophysics Data System}
}

@ARTICLE{wong2014,
       author = {{Wong}, Tsing-Wai and {Valsecchi}, Francesca and {Ansari}, Asna and {Fragos}, Tassos and {Glebbeek}, Evert and {Kalogera}, Vassiliki and {McClintock}, Jeffrey},
        title = "{Understanding Compact Object Formation and Natal Kicks. IV. The Case of IC 10 X-1}",
      journal = {\apj},
     keywords = {binaries: close, stars: evolution, X-rays: binaries, X-rays: individual: IC 10 X-1, Astrophysics - High Energy Astrophysical Phenomena},
         year = 2014,
        month = aug,
       volume = {790},
       number = {2},
          eid = {119},
        pages = {119},
          doi = {10.1088/0004-637X/790/2/119},
archivePrefix = {arXiv},
       eprint = {1304.3756},
 primaryClass = {astro-ph.HE},
       adsurl = {https://ui.adsabs.harvard.edu/abs/2014ApJ...790..119W},
      adsnote = {Provided by the SAO/NASA Astrophysics Data System}
}

@ARTICLE{willems2005,
       author = {{Willems}, B. and {Henninger}, M. and {Levin}, T. and {Ivanova}, N. and {Kalogera}, V. and {McGhee}, K. and {Timmes}, F.~X. and {Fryer}, C.~L.},
        title = "{Understanding Compact Object Formation and Natal Kicks. I. Calculation Methods and the Case of GRO J1655-40}",
      journal = {\apj},
     keywords = {Stars: Binaries: Close, Stars: Evolution, X-Rays: Binaries, X-Rays: Individual: Alphanumeric: GRO J1655-40, Astrophysics},
         year = 2005,
        month = may,
       volume = {625},
       number = {1},
        pages = {324-346},
          doi = {10.1086/429557},
archivePrefix = {arXiv},
       eprint = {astro-ph/0411423},
 primaryClass = {astro-ph},
       adsurl = {https://ui.adsabs.harvard.edu/abs/2005ApJ...625..324W},
      adsnote = {Provided by the SAO/NASA Astrophysics Data System}
}

@ARTICLE{brandt1995,
       author = {{Brandt}, W.~N. and {Podsiadlowski}, Ph. and {Sigurdsson}, S.},
        title = "{On the high space velocity of X-ray Nova SCO 1994: implications for the formation of its black hole}",
      journal = {\mnras},
     keywords = {BLACK HOLE PHYSICS, BINARIES: GENERAL, STARS: INDIVIDUAL: X-RAY NOVA SCO, X-RAYS: STARS},
         year = 1995,
        month = nov,
       volume = {277},
       number = {2},
        pages = {L35-L40},
          doi = {10.1093/mnras/277.1.L35},
       adsurl = {https://ui.adsabs.harvard.edu/abs/1995MNRAS.277L..35B},
      adsnote = {Provided by the SAO/NASA Astrophysics Data System}
}

@ARTICLE{vanbeveren2020,
       author = {{Vanbeveren}, D. and {Mennekens}, N. and {van den Heuvel}, E.~P.~J. and {Van Bever}, J.},
        title = "{Evidence from high-mass X-ray binaries that Galactic WR components of WR+O binaries end their life with a supernova explosion}",
      journal = {\aap},
     keywords = {binaries : close, stars: evolution, stars: massive, Astrophysics - Solar and Stellar Astrophysics, Astrophysics - High Energy Astrophysical Phenomena},
         year = 2020,
        month = apr,
       volume = {636},
          eid = {A99},
        pages = {A99},
          doi = {10.1051/0004-6361/201937253},
archivePrefix = {arXiv},
       eprint = {1912.01256},
 primaryClass = {astro-ph.SR},
       adsurl = {https://ui.adsabs.harvard.edu/abs/2020A&A...636A..99V},
      adsnote = {Provided by the SAO/NASA Astrophysics Data System}
}

@ARTICLE{stevenson2022,
       author = {{Stevenson}, Simon},
        title = "{Biases in Estimates of Black Hole Kicks from the Spin Distribution of Binary Black Holes}",
      journal = {\apjl},
     keywords = {98, 162, 678, 675, 304, Astrophysics - High Energy Astrophysical Phenomena, General Relativity and Quantum Cosmology},
         year = 2022,
        month = feb,
       volume = {926},
       number = {2},
          eid = {L32},
        pages = {L32},
          doi = {10.3847/2041-8213/ac5252},
archivePrefix = {arXiv},
       eprint = {2202.03584},
 primaryClass = {astro-ph.HE},
       adsurl = {https://ui.adsabs.harvard.edu/abs/2022ApJ...926L..32S},
      adsnote = {Provided by the SAO/NASA Astrophysics Data System}
}

@ARTICLE{callister2021,
       author = {{Callister}, Thomas A. and {Farr}, Will M. and {Renzo}, Mathieu},
        title = "{State of the Field: Binary Black Hole Natal Kicks and Prospects for Isolated Field Formation after GWTC-2}",
      journal = {\apj},
     keywords = {Gravitational waves, Astrophysical black holes, Astronomy data analysis, Compact binary stars, 678, 98, 1858, 283, Astrophysics - High Energy Astrophysical Phenomena, General Relativity and Quantum Cosmology},
         year = 2021,
        month = oct,
       volume = {920},
       number = {2},
          eid = {157},
        pages = {157},
          doi = {10.3847/1538-4357/ac1347},
archivePrefix = {arXiv},
       eprint = {2011.09570},
 primaryClass = {astro-ph.HE},
       adsurl = {https://ui.adsabs.harvard.edu/abs/2021ApJ...920..157C},
      adsnote = {Provided by the SAO/NASA Astrophysics Data System}
}

@ARTICLE{darwin1879,
       author = {{Darwin}, G.~H.},
        title = "{On the Bodily Tides of Viscous and Semi-Elastic Spheroids, and on the Ocean Tides upon a Yielding Nucleus}",
      journal = {Philosophical Transactions of the Royal Society of London Series I},
         year = 1879,
        month = jan,
       volume = {170},
        pages = {1-35},
       adsurl = {https://ui.adsabs.harvard.edu/abs/1879RSPT..170....1D},
      adsnote = {Provided by the SAO/NASA Astrophysics Data System}
}

@ARTICLE{alexander1973,
       author = {{Alexander}, M.~E.},
        title = "{The Weak Friction Approximation and Tidal Evolution in Close Binary Systems}",
      journal = {\apss},
         year = 1973,
        month = aug,
       volume = {23},
       number = {2},
        pages = {459-510},
          doi = {10.1007/BF00645172},
       adsurl = {https://ui.adsabs.harvard.edu/abs/1973Ap&SS..23..459A},
      adsnote = {Provided by the SAO/NASA Astrophysics Data System}
}

@ARTICLE{goldreich1977,
       author = {{Goldreich}, P. and {Nicholson}, P.~D.},
        title = "{Turbulent Viscosity and Jupiter's Tidal Q}",
      journal = {\icarus},
     keywords = {Galilean Satellites, Jupiter (Planet), Orbital Mechanics, Satellite Orbits, Tides, Turbulence, Convective Flow, Energy Dissipation, Planetary Evolution, Q Factors, Viscous Fluids, Lunar and Planetary Exploration},
         year = 1977,
        month = feb,
       volume = {30},
       number = {2},
        pages = {301-304},
          doi = {10.1016/0019-1035(77)90163-4},
       adsurl = {https://ui.adsabs.harvard.edu/abs/1977Icar...30..301G},
      adsnote = {Provided by the SAO/NASA Astrophysics Data System}
}

@ARTICLE{belczynski2008,
       author = {{Belczynski}, Krzysztof and {Kalogera}, Vassiliki and {Rasio}, Frederic A. and {Taam}, Ronald E. and {Zezas}, Andreas and {Bulik}, Tomasz and {Maccarone}, Thomas J. and {Ivanova}, Natalia},
        title = "{Compact Object Modeling with the StarTrack Population Synthesis Code}",
      journal = {\apjs},
     keywords = {binaries: close, black hole physics, stars: evolution, stars: neutron, white dwarfs, X-rays: binaries, Astrophysics},
         year = 2008,
        month = jan,
       volume = {174},
       number = {1},
        pages = {223-260},
          doi = {10.1086/521026},
archivePrefix = {arXiv},
       eprint = {astro-ph/0511811},
 primaryClass = {astro-ph},
       adsurl = {https://ui.adsabs.harvard.edu/abs/2008ApJS..174..223B},
      adsnote = {Provided by the SAO/NASA Astrophysics Data System}
}

@ARTICLE{hurley2002,
       author = {{Hurley}, Jarrod R. and {Tout}, Christopher A. and {Pols}, Onno R.},
        title = "{Evolution of binary stars and the effect of tides on binary populations}",
      journal = {\mnras},
     keywords = {METHODS: ANALYTICAL, METHODS: STATISTICAL, BINARIES: GENERAL, STARS: EVOLUTION, STARS: VARIABLES: OTHER, GALAXIES: STELLAR CONTENT, Astrophysics},
         year = 2002,
        month = feb,
       volume = {329},
       number = {4},
        pages = {897-928},
          doi = {10.1046/j.1365-8711.2002.05038.x},
archivePrefix = {arXiv},
       eprint = {astro-ph/0201220},
 primaryClass = {astro-ph},
       adsurl = {https://ui.adsabs.harvard.edu/abs/2002MNRAS.329..897H},
      adsnote = {Provided by the SAO/NASA Astrophysics Data System}
}

@ARTICLE{zahn1975,
       author = {{Zahn}, J. -P.},
        title = "{The dynamical tide in close binaries.}",
      journal = {\aap},
     keywords = {Asymptotic Methods, Binary Stars, Gravitational Effects, Stellar Structure, Tides, Radiative Transfer, Stellar Envelopes, Stellar Gravitation, Stellar Rotation, Astrophysics},
         year = 1975,
        month = jul,
       volume = {41},
        pages = {329-344},
       adsurl = {https://ui.adsabs.harvard.edu/abs/1975A&A....41..329Z},
      adsnote = {Provided by the SAO/NASA Astrophysics Data System}
}

@ARTICLE{zahn1977,
       author = {{Zahn}, J. -P.},
        title = "{Tidal friction in close binary systems.}",
      journal = {\aap},
     keywords = {Binary Stars, Friction Drag, Gravitational Effects, Stellar Rotation, Tides, Angular Momentum, Perturbation Theory, Stellar Structure, X Ray Binaries, X Ray Stars, Astrophysics},
         year = 1977,
        month = may,
       volume = {57},
        pages = {383-394},
       adsurl = {https://ui.adsabs.harvard.edu/abs/1977A&A....57..383Z},
      adsnote = {Provided by the SAO/NASA Astrophysics Data System}
}

@ARTICLE{hobbs2005,
       author = {{Hobbs}, G. and {Lorimer}, D.~R. and {Lyne}, A.~G. and {Kramer}, M.},
        title = "{A statistical study of 233 pulsar proper motions}",
      journal = {\mnras},
     keywords = {stars: kinematics, pulsars: general, Astrophysics},
         year = 2005,
        month = jul,
       volume = {360},
       number = {3},
        pages = {974-992},
          doi = {10.1111/j.1365-2966.2005.09087.x},
archivePrefix = {arXiv},
       eprint = {astro-ph/0504584},
 primaryClass = {astro-ph},
       adsurl = {https://ui.adsabs.harvard.edu/abs/2005MNRAS.360..974H},
      adsnote = {Provided by the SAO/NASA Astrophysics Data System}
}

@ARTICLE{rodriguez2021,
       author = {{Rodr{\'\i}guez}, C.~N. and {Ferrero}, G.~A. and {Benvenuto}, O.~G. and {Gamen}, R. and {Morrell}, N.~I. and {Barb{\'a}}, R.~H. and {Arias}, J. and {Massey}, P.},
        title = "{Fundamental parameters of the massive eclipsing binary HM1 8}",
      journal = {\mnras},
     keywords = {binaries: close, binaries: eclipsing, stars: early-type, stars: fundamental parameters, stars: individual: HM1 8, Astrophysics - Solar and Stellar Astrophysics},
         year = 2021,
        month = dec,
       volume = {508},
       number = {2},
        pages = {2179-2193},
          doi = {10.1093/mnras/stab2699},
archivePrefix = {arXiv},
       eprint = {2109.13054},
 primaryClass = {astro-ph.SR},
       adsurl = {https://ui.adsabs.harvard.edu/abs/2021MNRAS.508.2179R},
      adsnote = {Provided by the SAO/NASA Astrophysics Data System}
}

@ARTICLE{grevesse1998,
       author = {{Grevesse}, N. and {Sauval}, A.~J.},
        title = "{Standard Solar Composition}",
      journal = {\ssr},
     keywords = {Sun: abundances, Meteorites: abundances, Solar spectroscopy},
         year = 1998,
        month = may,
       volume = {85},
        pages = {161-174},
          doi = {10.1023/A:1005161325181},
       adsurl = {https://ui.adsabs.harvard.edu/abs/1998SSRv...85..161G},
      adsnote = {Provided by the SAO/NASA Astrophysics Data System}
}

@ARTICLE{ledoux1947,
       author = {{Ledoux}, P.},
        title = "{Stellar Models with Convection and with Discontinuity of the Mean Molecular Weight}",
      journal = {\apj},
         year = 1947,
        month = mar,
       volume = {105},
        pages = {305},
          doi = {10.1086/144905},
       adsurl = {https://ui.adsabs.harvard.edu/abs/1947ApJ...105..305L},
      adsnote = {Provided by the SAO/NASA Astrophysics Data System}
}

@ARTICLE{bohmvitense1958,
       author = {{B{\"o}hm-Vitense}, E.},
        title = "{{\"U}ber die Wasserstoffkonvektionszone in Sternen verschiedener Effektivtemperaturen und Leuchtkr{\"a}fte. Mit 5 Textabbildungen}",
      journal = {\zap},
         year = 1958,
        month = jan,
       volume = {46},
        pages = {108},
       adsurl = {https://ui.adsabs.harvard.edu/abs/1958ZA.....46..108B},
      adsnote = {Provided by the SAO/NASA Astrophysics Data System}
}

@ARTICLE{langer1983,
       author = {{Langer}, N. and {Fricke}, K.~J. and {Sugimoto}, D.},
        title = "{Semiconvective diffusion and energy transport}",
      journal = {\aap},
     keywords = {Astrophysics, Convection, Diffusion, Energy Transfer, Stellar Structure, Diffusion Coefficient, Stellar Interiors, Temperature Gradients, Astrophysics},
         year = 1983,
        month = sep,
       volume = {126},
       number = {1},
        pages = {207},
       adsurl = {https://ui.adsabs.harvard.edu/abs/1983A&A...126..207L},
      adsnote = {Provided by the SAO/NASA Astrophysics Data System}
}

@ARTICLE{kippenhahn1980,
       author = {{Kippenhahn}, R. and {Ruschenplatt}, G. and {Thomas}, H. -C.},
        title = "{The time scale of thermohaline mixing in stars}",
      journal = {\aap},
     keywords = {Atmospheric Circulation, Dynamic Stability, Helium Hydrogen Atmospheres, Main Sequence Stars, Stellar Envelopes, Stellar Structure, Atmospheric Diffusion, Diffusion Coefficient, Molecular Weight, Stellar Atmospheres, Stellar Oscillations, Astrophysics},
         year = 1980,
        month = nov,
       volume = {91},
       number = {1-2},
        pages = {175-180},
       adsurl = {https://ui.adsabs.harvard.edu/abs/1980A&A....91..175K},
      adsnote = {Provided by the SAO/NASA Astrophysics Data System}
}

@ARTICLE{brott2011,
       author = {{Brott}, I. and {de Mink}, S.~E. and {Cantiello}, M. and {Langer}, N. and
         {de Koter}, A. and {Evans}, C.~J. and {Hunter}, I. and {Trundle}, C. and
         {Vink}, J.~S.},
        title = "{Rotating massive main-sequence stars. I. Grids of evolutionary models and isochrones}",
      journal = {\aap},
     keywords = {stars: abundances, stars: evolution, stars: early-type, stars: rotation, stars: massive, Astrophysics - Solar and Stellar Astrophysics},
         year = 2011,
        month = jun,
       volume = {530},
          eid = {A115},
        pages = {A115},
          doi = {10.1051/0004-6361/201016113},
archivePrefix = {arXiv},
       eprint = {1102.0530},
 primaryClass = {astro-ph.SR},
       adsurl = {https://ui.adsabs.harvard.edu/abs/2011A&A...530A.115B},
      adsnote = {Provided by the SAO/NASA Astrophysics Data System}
}

@ARTICLE{marchant2017,
       author = {{Marchant}, Pablo and {Langer}, Norbert and {Podsiadlowski}, Philipp and
         {Tauris}, Thomas M. and {de Mink}, Selma and {Mandel}, Ilya and
         {Moriya}, Takashi J.},
        title = "{Ultra-luminous X-ray sources and neutron-star-black-hole mergers from very massive close binaries at low metallicity}",
      journal = {\aap},
     keywords = {binaries: close, stars: rotation, stars: black holes, stars: massive, gravitational waves, X-rays: binaries, Astrophysics - High Energy Astrophysical Phenomena, Astrophysics - Astrophysics of Galaxies, Astrophysics - Solar and Stellar Astrophysics},
         year = 2017,
        month = aug,
       volume = {604},
          eid = {A55},
        pages = {A55},
          doi = {10.1051/0004-6361/201630188},
archivePrefix = {arXiv},
       eprint = {1705.04734},
 primaryClass = {astro-ph.HE},
       adsurl = {https://ui.adsabs.harvard.edu/abs/2017A&A...604A..55M},
      adsnote = {Provided by the SAO/NASA Astrophysics Data System}
}

@ARTICLE{kolb1990,
       author = {{Kolb}, U. and {Ritter}, H.},
        title = "{A comparative study of the evolution of a close binary using a standard and an improved technique for computing mass transfer.}",
      journal = {\aap},
     keywords = {Binary Stars, Computational Astrophysics, Mass Transfer, Stellar Evolution, Asymptotic Giant Branch Stars, Stellar Mass, Stellar Models, Stellar Structure, Stellar Winds, Astrophysics},
         year = 1990,
        month = sep,
       volume = {236},
        pages = {385-392},
       adsurl = {https://ui.adsabs.harvard.edu/abs/1990A&A...236..385K},
      adsnote = {Provided by the SAO/NASA Astrophysics Data System}
}

@ARTICLE{heger2000,
       author = {{Heger}, A. and {Langer}, N. and {Woosley}, S.~E.},
        title = "{Presupernova Evolution of Rotating Massive Stars. I. Numerical Method and Evolution of the Internal Stellar Structure}",
      journal = {\apj},
     keywords = {HYDRODYNAMICS, METHODS: NUMERICAL, STARS EARLY-TYPE, STARS: EVOLUTION, STARS: INTERIORS, STARS ROTATION, Hydrodynamics, Methods: Numerical, stars early-type, Stars: Evolution, Stars: Interiors, stars rotation, Astrophysics},
         year = 2000,
        month = jan,
       volume = {528},
       number = {1},
        pages = {368-396},
          doi = {10.1086/308158},
archivePrefix = {arXiv},
       eprint = {astro-ph/9904132},
 primaryClass = {astro-ph},
       adsurl = {https://ui.adsabs.harvard.edu/abs/2000ApJ...528..368H},
      adsnote = {Provided by the SAO/NASA Astrophysics Data System}
}

@ARTICLE{petrovic2005,
       author = {{Petrovic}, J. and {Langer}, N. and {Yoon}, S. -C. and {Heger}, A.},
        title = "{Which massive stars are gamma-ray burst progenitors?}",
      journal = {\aap},
     keywords = {stars: evolution, stars: binaries: close, gamma rays: bursts, stars: rotation, stars: magnetic fields, Astrophysics},
         year = 2005,
        month = may,
       volume = {435},
       number = {1},
        pages = {247-259},
          doi = {10.1051/0004-6361:20042545},
archivePrefix = {arXiv},
       eprint = {astro-ph/0504175},
 primaryClass = {astro-ph},
       adsurl = {https://ui.adsabs.harvard.edu/abs/2005A&A...435..247P},
      adsnote = {Provided by the SAO/NASA Astrophysics Data System}
}

@ARTICLE{repetto2014,
       author = {{Repetto}, Serena and {Nelemans}, Gijs},
        title = "{The coupled effect of tides and stellar winds on the evolution of compact binaries}",
      journal = {\mnras},
     keywords = {planets and satellites: gaseous planets, planet, star interactions, binaries: close, binaries: general, stars: magnetic field, stars: winds, outflows., Astrophysics - Solar and Stellar Astrophysics},
         year = 2014,
        month = oct,
       volume = {444},
       number = {1},
        pages = {542-557},
          doi = {10.1093/mnras/stu1454},
archivePrefix = {arXiv},
       eprint = {1407.5182},
 primaryClass = {astro-ph.SR},
       adsurl = {https://ui.adsabs.harvard.edu/abs/2014MNRAS.444..542R},
      adsnote = {Provided by the SAO/NASA Astrophysics Data System}
}

@ARTICLE{hut1981,
       author = {{Hut}, P.},
        title = "{Tidal evolution in close binary systems.}",
      journal = {\aap},
     keywords = {Binary Stars, Celestial Mechanics, Stellar Evolution, Stellar Models, Tides, Two Body Problem, Angular Momentum, Companion Stars, Conservation Laws, Energy Dissipation, Equilibrium Equations, Gravitational Effects, Perturbation Theory, Stellar Rotation, Synchronism, X Ray Stars, Astrophysics},
         year = 1981,
        month = jun,
       volume = {99},
        pages = {126-140},
       adsurl = {https://ui.adsabs.harvard.edu/abs/1981A&A....99..126H},
      adsnote = {Provided by the SAO/NASA Astrophysics Data System}
}

@ARTICLE{paxton2011,
  author = {{Paxton}, B. and {Bildsten}, L. and {Dotter}, A. and {Herwig}, F. and {Lesaffre}, P. and {Timmes}, F.},
  title = {{Modules for Experiments in Stellar Astrophysics (MESA)}},
  journal = {\apjs},
  archivePrefix = {arXiv},
  eprint = {1009.1622},
  primaryClass = {astro-ph.SR},
  keywords = {methods: numerical, stars: evolution, stars: general},
  year = {2011},
  month = {jan},
  volume = {192},
  eid = {3},
  pages = {3},
  doi = {10.1088/0067-0049/192/1/3},
  adsurl = {https://ui.adsabs.harvard.edu/abs/2011ApJS..192....3P},
  adsnote = {Provided by the SAO/NASA Astrophysics Data System},
}

@ARTICLE{paxton2013,
  author = {{Paxton}, B. and {Cantiello}, M. and {Arras}, P. and {Bildsten}, L. and {Brown}, E.~F. and {Dotter}, A. and {Mankovich}, C. and {Montgomery}, M.~H. and {Stello}, D. and {Timmes}, F.~X. and {Townsend}, R.},
  title = {{Modules for Experiments in Stellar Astrophysics (MESA): Planets, Oscillations, Rotation, and Massive Stars}},
  journal = {\apjs},
  archivePrefix = {arXiv},
  eprint = {1301.0319},
  primaryClass = {astro-ph.SR},
  keywords = {asteroseismology, methods: numerical, planets and satellites: physical evolution, stars: evolution, stars: massive, stars: rotation},
  year = {2013},
  month = {sep},
  volume = {208},
  eid = {4},
  pages = {4},
  doi = {10.1088/0067-0049/208/1/4},
  adsurl = {https://ui.adsabs.harvard.edu/abs/2013ApJS..208....4P},
  adsnote = {Provided by the SAO/NASA Astrophysics Data System},
}

@ARTICLE{paxton2015,
  author = {{Paxton}, B. and {Marchant}, P. and {Schwab}, J. and {Bauer}, E.~B. and {Bildsten}, L. and {Cantiello}, M. and {Dessart}, L. and {Farmer}, R. and {Hu}, H. and {Langer}, N. and {Townsend}, R.~H.~D. and {Townsley}, D.~M. and {Timmes}, F.~X.},
  title = {{Modules for Experiments in Stellar Astrophysics (MESA): Binaries, Pulsations, and Explosions}},
  journal = {\apjs},
  archivePrefix = {arXiv},
  eprint = {1506.03146},
  primaryClass = {astro-ph.SR},
  keywords = {binaries: general, methods: numerical, nuclear reactions, nucleosynthesis, abundances, shock waves, stars: evolution, stars: oscillations},
  year = {2015},
  month = {sep},
  volume = {220},
  eid = {15},
  pages = {15},
  doi = {10.1088/0067-0049/220/1/15},
  adsurl = {https://ui.adsabs.harvard.edu/abs/2015ApJS..220...15P},
  adsnote = {Provided by the SAO/NASA Astrophysics Data System},
}

@ARTICLE{paxton2018,
  author = {{Paxton}, B. and {Schwab}, J. and {Bauer}, E.~B. and {Bildsten}, L. and {Blinnikov}, S. and {Duffell}, P. and {Farmer}, R. and {Goldberg}, J.~A. and {Marchant}, P. and {Sorokina}, E. and {Thoul}, A. and {Townsend}, R.~H.~D. and {Timmes}, F.~X.},
  title = {{Modules for Experiments in Stellar Astrophysics (MESA): Convective Boundaries, Element Diffusion, and Massive Star Explosions}},
  journal = {\apjs},
  archivePrefix = {arXiv},
  eprint = {1710.08424},
  primaryClass = {astro-ph.SR},
  keywords = {convection, diffusion, hydrodynamics, methods: numerical, stars: evolution, supernovae: general },
  year = {2018},
  month = {feb},
  volume = {234},
  eid = {34},
  pages = {34},
  doi = {10.3847/1538-4365/aaa5a8},
  adsurl = {https://ui.adsabs.harvard.edu/abs/2018ApJS..234...34P},
  adsnote = {Provided by the SAO/NASA Astrophysics Data System},
}

@ARTICLE{paxton2019,
       author = {{Paxton}, Bill and {Smolec}, R. and {Schwab}, Josiah and {Gautschy}, A. and
         {Bildsten}, Lars and {Cantiello}, Matteo and {Dotter}, Aaron and
         {Farmer}, R. and {Goldberg}, Jared A. and {Jermyn}, Adam S. and
         {Kanbur}, S.~M. and {Marchant}, Pablo and {Thoul}, Anne and
         {Townsend}, Richard H.~D. and {Wolf}, William M. and {Zhang}, Michael and
         {Timmes}, F.~X.},
        title = "{Modules for Experiments in Stellar Astrophysics (MESA): Pulsating Variable Stars, Rotation, Convective Boundaries, and Energy Conservation}",
      journal = {\apjs},
     keywords = {stars: evolution, stars: general, stars: interiors, stars: oscillations:  including pulsations, stars: rotation, stars: variables: general, Astrophysics - Solar and Stellar Astrophysics},
         year = "2019",
        month = "Jul",
       volume = {243},
       number = {1},
          eid = {10},
        pages = {10},
          doi = {10.3847/1538-4365/ab2241},
archivePrefix = {arXiv},
       eprint = {1903.01426},
 primaryClass = {astro-ph.SR},
       adsurl = {https://ui.adsabs.harvard.edu/abs/2019ApJS..243...10P},
      adsnote = {Provided by the SAO/NASA Astrophysics Data System}
}

@ARTICLE{2018A&A...609A...3S,
       author = {{Song}, H.~F. and {Meynet}, G. and {Maeder}, A. and {Ekstr{\"o}m}, S. and {Eggenberger}, P. and {Georgy}, C. and {Qin}, Y. and {Fragos}, T. and {Soerensen}, M. and {Barblan}, F. and {Wade}, G.~A.},
        title = "{Close binary evolution. II. Impact of tides, wind magnetic braking, and internal angular momentum transport}",
      journal = {\aap},
     keywords = {stars: mass-loss, stars: abundances, binaries: close, stars: magnetic field, stars: evolution, stars: rotation, Astrophysics - Solar and Stellar Astrophysics},
         year = 2018,
        month = jan,
       volume = {609},
          eid = {A3},
        pages = {A3},
          doi = {10.1051/0004-6361/201731073},
archivePrefix = {arXiv},
       eprint = {1709.01902},
 primaryClass = {astro-ph.SR},
       adsurl = {https://ui.adsabs.harvard.edu/abs/2018A&A...609A...3S},
      adsnote = {Provided by the SAO/NASA Astrophysics Data System}
}

@ARTICLE{qin2019,
       author = {{Qin}, Ying and {Marchant}, Pablo and {Fragos}, Tassos and {Meynet}, Georges and {Kalogera}, Vicky},
        title = "{On the Origin of Black Hole Spin in High-mass X-Ray Binaries}",
      journal = {\apjl},
     keywords = {binaries: close, stars: black holes, stars: massive, stars: rotation, X-rays: binaries, Astrophysics - Solar and Stellar Astrophysics, Astrophysics - High Energy Astrophysical Phenomena},
         year = 2019,
        month = jan,
       volume = {870},
       number = {2},
          eid = {L18},
        pages = {L18},
          doi = {10.3847/2041-8213/aaf97b},
archivePrefix = {arXiv},
       eprint = {1810.13016},
 primaryClass = {astro-ph.SR},
       adsurl = {https://ui.adsabs.harvard.edu/abs/2019ApJ...870L..18Q},
      adsnote = {Provided by the SAO/NASA Astrophysics Data System}
}

@ARTICLE{fishbach2021,
       author = {{Fishbach}, Maya and {Kalogera}, Vicky},
        title = "{Apples and Oranges: Comparing black holes in X-ray binaries and gravitational-wave sources}",
      journal = {arXiv e-prints},
     keywords = {Astrophysics - High Energy Astrophysical Phenomena, General Relativity and Quantum Cosmology},
         year = 2021,
        month = nov,
          eid = {arXiv:2111.02935},
        pages = {arXiv:2111.02935},
archivePrefix = {arXiv},
       eprint = {2111.02935},
 primaryClass = {astro-ph.HE},
       adsurl = {https://ui.adsabs.harvard.edu/abs/2021arXiv211102935F},
      adsnote = {Provided by the SAO/NASA Astrophysics Data System}
}

@ARTICLE{miller2015,
       author = {{Miller}, M. Coleman and {Miller}, Jon M.},
        title = "{The masses and spins of neutron stars and stellar-mass black holes}",
      journal = {\physrep},
     keywords = {Accretion disks, Black holes, Gravitational waves, Neutron stars, Astrophysics - High Energy Astrophysical Phenomena},
         year = 2015,
        month = jan,
       volume = {548},
        pages = {1-34},
          doi = {10.1016/j.physrep.2014.09.003},
archivePrefix = {arXiv},
       eprint = {1408.4145},
 primaryClass = {astro-ph.HE},
       adsurl = {https://ui.adsabs.harvard.edu/abs/2015PhR...548....1M},
      adsnote = {Provided by the SAO/NASA Astrophysics Data System}
}

@ARTICLE{belczynski2021,
       author = {{Belczynski}, K. and {Done}, C. and {Lasota}, J. -P.},
        title = "{All Apples: Comparing black holes in X-ray binaries and gravitational-wave sources}",
      journal = {arXiv e-prints},
     keywords = {Astrophysics - High Energy Astrophysical Phenomena, General Relativity and Quantum Cosmology},
         year = 2021,
        month = nov,
          eid = {arXiv:2111.09401},
        pages = {arXiv:2111.09401},
archivePrefix = {arXiv},
       eprint = {2111.09401},
 primaryClass = {astro-ph.HE},
       adsurl = {https://ui.adsabs.harvard.edu/abs/2021arXiv211109401B},
      adsnote = {Provided by the SAO/NASA Astrophysics Data System}
}

@ARTICLE{abbott2021,
       author = {{Abbott}, R. and {Abbott}, T.~D. and {Abraham}, S. and {Acernese}, F. and {Ackley}, K. and {Adams}, A. and {Adams}, C. and {Adhikari}, R.~X. and {Adya}, V.~B. and {Affeldt}, C. and {Agathos}, M. and {Agatsuma}, K. and {Aggarwal}, N. and {Aguiar}, O.~D. and {Aiello}, L. and {Ain}, A. and {Ajith}, P. and {Akcay}, S. and {Allen}, G. and {Allocca}, A. and {Altin}, P.~A. and {Amato}, A. and {Anand}, S. and {Ananyeva}, A. and {Anderson}, S.~B. and {Anderson}, W.~G. and {Angelova}, S.~V. and {Ansoldi}, S. and {Antelis}, J.~M. and {Antier}, S. and {Appert}, S. and {Arai}, K. and {Araya}, M.~C. and {Areeda}, J.~S. and {Ar{\`e}ne}, M. and {Arnaud}, N. and {Aronson}, S.~M. and {Arun}, K.~G. and {Asali}, Y. and {Ascenzi}, S. and {Ashton}, G. and {Aston}, S.~M. and {Astone}, P. and {Aubin}, F. and {Aufmuth}, P. and {AultONeal}, K. and {Austin}, C. and {Avendano}, V. and {Babak}, S. and {Badaracco}, F. and {Bader}, M.~K.~M. and {Bae}, S. and {Baer}, A.~M. and {Bagnasco}, S. and {Baird}, J. and {Ball}, M. and {Ballardin}, G. and {Ballmer}, S.~W. and {Bals}, A. and {Balsamo}, A. and {Baltus}, G. and {Banagiri}, S. and {Bankar}, D. and {Bankar}, R.~S. and {Barayoga}, J.~C. and {Barbieri}, C. and {Barish}, B.~C. and {Barker}, D. and {Barneo}, P. and {Barnum}, S. and {Barone}, F. and {Barr}, B. and {Barsotti}, L. and {Barsuglia}, M. and {Barta}, D. and {Bartlett}, J. and {Bartos}, I. and {Bassiri}, R. and {Basti}, A. and {Bawaj}, M. and {Bayley}, J.~C. and {Bazzan}, M. and {Becher}, B.~R. and {B{\'e}csy}, B. and {Bedakihale}, V.~M. and {Bejger}, M. and {Belahcene}, I. and {Beniwal}, D. and {Benjamin}, M.~G. and {Bennett}, T.~F. and {Bentley}, J.~D. and {Bergamin}, F. and {Berger}, B.~K. and {Bergmann}, G. and {Bernuzzi}, S. and {Berry}, C.~P.~L. and {Bersanetti}, D. and {Bertolini}, A. and {Betzwieser}, J. and {Bhandare}, R. and {Bhandari}, A.~V. and {Bhattacharjee}, D. and {Bidler}, J. and {Bilenko}, I.~A. and {Billingsley}, G. and {Birney}, R. and {Birnholtz}, O. and {Biscans}, S. and {Bischi}, M. and {Biscoveanu}, S. and {Bisht}, A. and {Bitossi}, M. and {Bizouard}, M. -A. and {Blackburn}, J.~K. and {Blackman}, J. and {Blair}, C.~D. and {Blair}, D.~G. and {Blair}, R.~M. and {Blanch}, O. and {Bobba}, F. and {Bode}, N. and {Boer}, M. and {Boetzel}, Y. and {Bogaert}, G. and {Boldrini}, M. and {Bondu}, F. and {Bonilla}, E. and {Bonnand}, R. and {Booker}, P. and {Boom}, B.~A. and {Bork}, R. and {Boschi}, V. and {Bose}, S. and {Bossilkov}, V. and {Boudart}, V. and {Bouffanais}, Y. and {Bozzi}, A. and {Bradaschia}, C. and {Brady}, P.~R. and {Bramley}, A. and {Branchesi}, M. and {Brau}, J.~E. and {Breschi}, M. and {Briant}, T. and {Briggs}, J.~H. and {Brighenti}, F. and {Brillet}, A. and {Brinkmann}, M. and {Brockill}, P. and {Brooks}, A.~F. and {Brooks}, J. and {Brown}, D.~D. and {Brunett}, S. and {Bruno}, G. and {Bruntz}, R. and {Buikema}, A. and {Bulik}, T. and {Bulten}, H.~J. and {Buonanno}, A. and {Buscicchio}, R. and {Buskulic}, D. and {Byer}, R.~L. and {Cabero}, M. and {Cadonati}, L. and {Caesar}, M. and {Cagnoli}, G. and {Cahillane}, C. and {Calder{\'o}n Bustillo}, J. and {Callaghan}, J.~D. and {Callister}, T.~A. and {Calloni}, E. and {Camp}, J.~B. and {Canepa}, M. and {Cannon}, K.~C. and {Cao}, H. and {Cao}, J. and {Carapella}, G. and {Carbognani}, F. and {Carney}, M.~F. and {Carpinelli}, M. and {Carullo}, G. and {Carver}, T.~L. and {Casanueva Diaz}, J. and {Casentini}, C. and {Caudill}, S. and {Cavagli{\`a}}, M. and {Cavalier}, F. and {Cavalieri}, R. and {Cella}, G. and {Cerd{\'a}-Dur{\'a}n}, P. and {Cesarini}, E. and {Chaibi}, W. and {Chakravarti}, K. and {Chan}, C. -L. and {Chan}, C. and {Chandra}, K. and {Chanial}, P. and {Chao}, S. and {Charlton}, P. and {Chase}, E.~A. and {Chassande-Mottin}, E. and {Chatterjee}, D. and {Chattopadhyay}, D. and {Chaturvedi}, M. and {Chatziioannou}, K. and {Chen}, A. and {Chen}, H.~Y. and {Chen}, X. and {Chen}, Y. and {Cheng}, H. -P. and {Cheong}, C.~K. and {Chia}, H.~Y. and {Chiadini}, F. and {Chierici}, R. and {Chincarini}, A. and {Chiummo}, A. and {Cho}, G. and {Cho}, H.~S. and {Cho}, M. and {Choate}, S. and {Christensen}, N. and {Chu}, Q. and {Chua}, S. and {Chung}, K.~W. and {Chung}, S. and {Ciani}, G. and {Ciecielag}, P. and {Cie{\'s}lar}, M. and {Cifaldi}, M. and {Ciobanu}, A.~A. and {Ciolfi}, R. and {Cipriano}, F. and {Cirone}, A. and {Clara}, F. and {Clark}, E.~N. and {Clark}, J.~A. and {Clarke}, L. and {Clearwater}, P. and {Clesse}, S. and {Cleva}, F. and {Coccia}, E. and {Cohadon}, P. -F. and {Cohen}, D.~E. and {Colleoni}, M. and {Collette}, C.~G. and {Collins}, C. and {Colpi}, M. and {Constancio}, M. and {Conti}, L. and {Cooper}, S.~J. and {Corban}, P. and {Corbitt}, T.~R. and {Cordero-Carri{\'o}n}, I. and {Corezzi}, S. and {Corley}, K.~R. and {Cornish}, N. and {Corre}, D. and {Corsi}, A. and {Cortese}, S. and {Costa}, C.~A. and {Cotesta}, R. and {Coughlin}, M.~W. and {Coughlin}, S.~B. and {Coulon}, J. -P. and {Countryman}, S.~T. and {Cousins}, B. and {Couvares}, P. and {Covas}, P.~B. and {Coward}, D.~M. and {Cowart}, M.~J. and {Coyne}, D.~C. and {Coyne}, R. and {Creighton}, J.~D.~E. and {Creighton}, T.~D. and {Croquette}, M. and {Crowder}, S.~G. and {Cudell}, J.~R. and {Cullen}, T.~J. and {Cumming}, A. and {Cummings}, R. and {Cunningham}, L. and {Cuoco}, E. and {Cury{\l}o}, M. and {Canton}, T. Dal and {D{\'a}lya}, G. and {Dana}, A. and {DaneshgaranBajastani}, L.~M. and {D'Angelo}, B. and {Danila}, B. and {Danilishin}, S.~L. and {D'Antonio}, S. and {Danzmann}, K. and {Darsow-Fromm}, C. and {Dasgupta}, A. and {Datrier}, L.~E.~H. and {Dattilo}, V. and {Dave}, I. and {Davier}, M. and {Davies}, G.~S. and {Davis}, D. and {Daw}, E.~J. and {Dean}, R. and {DeBra}, D. and {Deenadayalan}, M. and {Degallaix}, J. and {De Laurentis}, M. and {Del{\'e}glise}, S. and {Del Favero}, V. and {De Lillo}, F. and {De Lillo}, N. and {Del Pozzo}, W. and {DeMarchi}, L.~M. and {De Matteis}, F. and {D'Emilio}, V. and {Demos}, N. and {Denker}, T. and {Dent}, T. and {Depasse}, A. and {De Pietri}, R. and {De Rosa}, R. and {De Rossi}, C. and {DeSalvo}, R. and {de Varona}, O. and {Dhurandhar}, S. and {D{\'\i}az}, M.~C. and {Diaz-Ortiz}, M. and {Didio}, N.~A. and {Dietrich}, T. and {Di Fiore}, L. and {DiFronzo}, C. and {Di Giorgio}, C. and {Di Giovanni}, F. and {Di Giovanni}, M. and {Di Girolamo}, T. and {Di Lieto}, A. and {Ding}, B. and {Di Pace}, S. and {Di Palma}, I. and {Di Renzo}, F. and {Divakarla}, A.~K. and {Dmitriev}, A. and {Doctor}, Z. and {D'Onofrio}, L. and {Donovan}, F. and {Dooley}, K.~L. and {Doravari}, S. and {Dorrington}, I. and {Downes}, T.~P. and {Drago}, M. and {Driggers}, J.~C. and {Du}, Z. and {Ducoin}, J. -G. and {Dupej}, P. and {Durante}, O. and {D'Urso}, D. and {Duverne}, P. -A. and {Dwyer}, S.~E. and {Easter}, P.~J. and {Eddolls}, G. and {Edelman}, B. and {Edo}, T.~B. and {Edy}, O. and {Effler}, A. and {Eichholz}, J. and {Eikenberry}, S.~S. and {Eisenmann}, M. and {Eisenstein}, R.~A. and {Ejlli}, A. and {Errico}, L. and {Essick}, R.~C. and {Estell{\'e}s}, H. and {Estevez}, D. and {Etienne}, Z.~B. and {Etzel}, T. and {Evans}, M. and {Evans}, T.~M. and {Ewing}, B.~E. and {Fafone}, V. and {Fair}, H. and {Fairhurst}, S. and {Fan}, X. and {Farah}, A.~M. and {Farinon}, S. and {Farr}, B. and {Farr}, W.~M. and {Fauchon-Jones}, E.~J. and {Favata}, M. and {Fays}, M. and {Fazio}, M. and {Feicht}, J. and {Fejer}, M.~M. and {Feng}, F. and {Fenyvesi}, E. and {Ferguson}, D.~L. and {Fernandez-Galiana}, A. and {Ferrante}, I. and {Ferreira}, T.~A. and {Fidecaro}, F. and {Figura}, P. and {Fiori}, I. and {Fiorucci}, D. and {Fishbach}, M. and {Fisher}, R.~P. and {Fishner}, J.~M. and {Fittipaldi}, R. and {Fitz-Axen}, M. and {Fiumara}, V. and {Flaminio}, R. and {Floden}, E. and {Flynn}, E. and {Fong}, H. and {Font}, J.~A. and {Forsyth}, P.~W.~F. and {Fournier}, J. -D. and {Frasca}, S. and {Frasconi}, F. and {Frei}, Z. and {Freise}, A. and {Frey}, R. and {Frey}, V. and {Fritschel}, P. and {Frolov}, V.~V. and {Fronz{\'e}}, G.~G. and {Fulda}, P. and {Fyffe}, M. and {Gabbard}, H.~A. and {Gadre}, B.~U. and {Gaebel}, S.~M. and {Gair}, J.~R. and {Gais}, J. and {Galaudage}, S. and {Gamba}, R. and {Ganapathy}, D. and {Ganguly}, A. and {Gaonkar}, S.~G. and {Garaventa}, B. and {Garc{\'\i}a-Quir{\'o}s}, C. and {Garufi}, F. and {Gateley}, B. and {Gaudio}, S. and {Gayathri}, V. and {Gemme}, G. and {Gennai}, A. and {George}, D. and {George}, J. and {George}, R.~N. and {Gergely}, L. and {Ghonge}, S. and {Ghosh}, Abhirup and {Ghosh}, Archisman and {Ghosh}, S. and {Giacomazzo}, B. and {Giacoppo}, L. and {Giaime}, J.~A. and {Giardina}, K.~D. and {Gibson}, D.~R. and {Gier}, C. and {Gill}, K. and {Giri}, P. and {Glanzer}, J. and {Gleckl}, A.~E. and {Godwin}, P. and {Goetz}, E. and {Goetz}, R. and {Gohlke}, N. and {Goncharov}, B. and {Gonz{\'a}lez}, G. and {Gopakumar}, A. and {Gossan}, S.~E. and {Gosselin}, M. and {Gouaty}, R. and {Grace}, B. and {Grado}, A. and {Granata}, M. and {Granata}, V. and {Grant}, A. and {Gras}, S. and {Grassia}, P. and {Gray}, C. and {Gray}, R. and {Greco}, G. and {Green}, A.~C. and {Green}, R. and {Gretarsson}, E.~M. and {Griggs}, H.~L. and {Grignani}, G. and {Grimaldi}, A. and {Grimes}, E. and {Grimm}, S.~J. and {Grote}, H. and {Grunewald}, S. and {Gruning}, P. and {Guerrero}, J.~G. and {Guidi}, G.~M. and {Guimaraes}, A.~R. and {Guix{\'e}}, G. and {Gulati}, H.~K. and {Guo}, Y. and {Gupta}, Anchal and {Gupta}, Anuradha and {Gupta}, P. and {Gustafson}, E.~K. and {Gustafson}, R. and {Guzman}, F. and {Haegel}, L. and {Halim}, O. and {Hall}, E.~D. and {Hamilton}, E.~Z. and {Hammond}, G. and {Haney}, M. and {Hanke}, M.~M. and {Hanks}, J. and {Hanna}, C. and {Hannam}, M.~D. and {Hannuksela}, O.~A. and {Hannuksela}, O. and {Hansen}, H. and {Hansen}, T.~J. and {Hanson}, J. and {Harder}, T. and {Hardwick}, T. and {Haris}, K. and {Harms}, J. and {Harry}, G.~M. and {Harry}, I.~W. and {Hartwig}, D. and {Hasskew}, R.~K. and {Haster}, C. -J. and {Haughian}, K. and {Hayes}, F.~J. and {Healy}, J. and {Heidmann}, A. and {Heintze}, M.~C. and {Heinze}, J. and {Heinzel}, J. and {Heitmann}, H. and {Hellman}, F. and {Hello}, P. and {Helmling-Cornell}, A.~F. and {Hemming}, G. and {Hendry}, M. and {Heng}, I.~S. and {Hennes}, E. and {Hennig}, J. and {Hennig}, M.~H. and {Hernandez Vivanco}, F. and {Heurs}, M. and {Hild}, S. and {Hill}, P. and {Hines}, A.~S. and {Hochheim}, S. and {Hofgard}, E. and {Hofman}, D. and {Hohmann}, J.~N. and {Holgado}, A.~M. and {Holland}, N.~A. and {Hollows}, I.~J. and {Holmes}, Z.~J. and {Holt}, K. and {Holz}, D.~E. and {Hopkins}, P. and {Horst}, C. and {Hough}, J. and {Howell}, E.~J. and {Hoy}, C.~G. and {Hoyland}, D. and {Huang}, Y. and {H{\"u}bner}, M.~T. and {Huddart}, A.~D. and {Huerta}, E.~A. and {Hughey}, B. and {Hui}, V. and {Husa}, S. and {Huttner}, S.~H. and {Hutzler}, B.~M. and {Huxford}, R. and {Huynh-Dinh}, T. and {Idzkowski}, B. and {Iess}, A. and {Imperato}, S. and {Inchauspe}, H. and {Ingram}, C. and {Intini}, G. and {Isi}, M. and {Iyer}, B.~R. and {JaberianHamedan}, V. and {Jacqmin}, T. and {Jadhav}, S.~J. and {Jadhav}, S.~P. and {James}, A.~L. and {Jani}, K. and {Janssens}, K. and {Janthalur}, N.~N. and {Jaranowski}, P. and {Jariwala}, D. and {Jaume}, R. and {Jenkins}, A.~C. and {Jeunon}, M. and {Jiang}, J. and {Johns}, G.~R. and {Johnson-McDaniel}, N.~K. and {Jones}, A.~W. and {Jones}, D.~I. and {Jones}, J.~D. and {Jones}, P. and {Jones}, R. and {Jonker}, R.~J.~G. and {Ju}, L. and {Junker}, J. and {Kalaghatgi}, C.~V. and {Kalogera}, V. and {Kamai}, B. and {Kandhasamy}, S. and {Kang}, G. and {Kanner}, J.~B. and {Kapadia}, S.~J. and {Kapasi}, D.~P. and {Karathanasis}, C. and {Karki}, S. and {Kashyap}, R. and {Kasprzack}, M. and {Kastaun}, W. and {Katsanevas}, S. and {Katsavounidis}, E. and {Katzman}, W. and {Kawabe}, K. and {K{\'e}f{\'e}lian}, F. and {Keitel}, D. and {Key}, J.~S. and {Khadka}, S. and {Khalili}, F.~Y. and {Khan}, I. and {Khan}, S. and {Khazanov}, E.~A. and {Khetan}, N. and {Khursheed}, M. and {Kijbunchoo}, N. and {Kim}, C. and {Kim}, G.~J. and {Kim}, J.~C. and {Kim}, K. and {Kim}, W.~S. and {Kim}, Y. -M. and {Kimball}, C. and {King}, P.~J. and {Kinley-Hanlon}, M. and {Kirchhoff}, R. and {Kissel}, J.~S. and {Kleybolte}, L. and {Klimenko}, S. and {Knowles}, T.~D. and {Knyazev}, E. and {Koch}, P. and {Koehlenbeck}, S.~M. and {Koekoek}, G. and {Koley}, S. and {Kolstein}, M. and {Komori}, K. and {Kondrashov}, V. and {Kontos}, A. and {Koper}, N. and {Korobko}, M. and {Korth}, W.~Z. and {Kovalam}, M. and {Kozak}, D.~B. and {Kr{\"a}mer}, C. and {Kringel}, V. and {Krishnendu}, N.~V. and {Kr{\'o}lak}, A. and {Kuehn}, G. and {Kumar}, A. and {Kumar}, P. and {Kumar}, Rahul and {Kumar}, Rakesh and {Kuns}, K. and {Kwang}, S. and {Lackey}, B.~D. and {Laghi}, D. and {Lalande}, E. and {Lam}, T.~L. and {Lamberts}, A. and {Landry}, M. and {Lane}, B.~B. and {Lang}, R.~N. and {Lange}, J. and {Lantz}, B. and {Lanza}, R.~K. and {La Rosa}, I. and {Lartaux-Vollard}, A. and {Lasky}, P.~D. and {Laxen}, M. and {Lazzarini}, A. and {Lazzaro}, C. and {Leaci}, P. and {Leavey}, S. and {Lecoeuche}, Y.~K. and {Lee}, H.~M. and {Lee}, H.~W. and {Lee}, J. and {Lee}, K. and {Lehmann}, J. and {Leon}, E. and {Leroy}, N. and {Letendre}, N. and {Levin}, Y. and {Li}, A. and {Li}, J. and {Li}, K.~J.~L. and {Li}, T.~G.~F. and {Li}, X. and {Linde}, F. and {Linker}, S.~D. and {Linley}, J.~N. and {Littenberg}, T.~B. and {Liu}, J. and {Liu}, X. and {Llorens-Monteagudo}, M. and {Lo}, R.~K.~L. and {Lockwood}, A. and {London}, L.~T. and {Longo}, A. and {Lorenzini}, M. and {Loriette}, V. and {Lormand}, M. and {Losurdo}, G. and {Lough}, J.~D. and {Lousto}, C.~O. and {Lovelace}, G. and {L{\"u}ck}, H. and {Lumaca}, D. and {Lundgren}, A.~P. and {Ma}, Y. and {Macas}, R. and {MacInnis}, M. and {Macleod}, D.~M. and {MacMillan}, I.~A.~O. and {Macquet}, A. and {Maga{\~n}a Hernandez}, I. and {Maga{\~n}a-Sandoval}, F. and {Magazz{\`u}}, C. and {Magee}, R.~M. and {Majorana}, E. and {Maksimovic}, I. and {Maliakal}, S. and {Malik}, A. and {Man}, N. and {Mandic}, V. and {Mangano}, V. and {Mansell}, G.~L. and {Manske}, M. and {Mantovani}, M. and {Mapelli}, M. and {Marchesoni}, F. and {Marion}, F. and {M{\'a}rka}, S. and {M{\'a}rka}, Z. and {Markakis}, C. and {Markosyan}, A.~S. and {Markowitz}, A. and {Maros}, E. and {Marquina}, A. and {Marsat}, S. and {Martelli}, F. and {Martin}, I.~W. and {Martin}, R.~M. and {Martinez}, M. and {Martinez}, V. and {Martynov}, D.~V. and {Masalehdan}, H. and {Mason}, K. and {Massera}, E. and {Masserot}, A. and {Massinger}, T.~J. and {Masso-Reid}, M. and {Mastrogiovanni}, S. and {Matas}, A. and {Mateu-Lucena}, M. and {Matichard}, F. and {Matiushechkina}, M. and {Mavalvala}, N. and {Maynard}, E. and {McCann}, J.~J. and {McCarthy}, R. and {McClelland}, D.~E. and {McCormick}, S. and {McCuller}, L. and {McGuire}, S.~C. and {McIsaac}, C. and {McIver}, J. and {McManus}, D.~J. and {McRae}, T. and {McWilliams}, S.~T. and {Meacher}, D. and {Meadors}, G.~D. and {Mehmet}, M. and {Mehta}, A.~K. and {Melatos}, A. and {Melchor}, D.~A. and {Mendell}, G. and {Menendez-Vazquez}, A. and {Mercer}, R.~A. and {Mereni}, L. and {Merfeld}, K. and {Merilh}, E.~L. and {Merritt}, J.~D. and {Merzougui}, M. and {Meshkov}, S. and {Messenger}, C. and {Messick}, C. and {Metzdorff}, R. and {Meyers}, P.~M. and {Meylahn}, F. and {Mhaske}, A. and {Miani}, A. and {Miao}, H. and {Michaloliakos}, I. and {Michel}, C. and {Middleton}, H. and {Milano}, L. and {Miller}, A.~L. and {Millhouse}, M. and {Mills}, J.~C. and {Milotti}, E. and {Milovich-Goff}, M.~C. and {Minazzoli}, O. and {Minenkov}, Y. and {Mir}, Ll. M. and {Mishkin}, A. and {Mishra}, C. and {Mistry}, T. and {Mitra}, S. and {Mitrofanov}, V.~P. and {Mitselmakher}, G. and {Mittleman}, R. and {Mo}, G. and {Mogushi}, K. and {Mohapatra}, S.~R.~P. and {Mohite}, S.~R. and {Molina}, I. and {Molina-Ruiz}, M. and {Mondin}, M. and {Montani}, M. and {Moore}, C.~J. and {Moraru}, D. and {Morawski}, F. and {Moreno}, G. and {Morisaki}, S. and {Mours}, B. and {Mow-Lowry}, C.~M. and {Mozzon}, S. and {Muciaccia}, F. and {Mukherjee}, Arunava and {Mukherjee}, D. and {Mukherjee}, Soma and {Mukherjee}, Subroto and {Mukund}, N. and {Mullavey}, A. and {Munch}, J. and {Mu{\~n}iz}, E.~A. and {Murray}, P.~G. and {Nadji}, S.~L. and {Nagar}, A. and {Nardecchia}, I. and {Naticchioni}, L. and {Nayak}, R.~K. and {Neil}, B.~F. and {Neilson}, J. and {Nelemans}, G. and {Nelson}, T.~J.~N. and {Nery}, M. and {Neunzert}, A. and {Nitz}, A.~H. and {Ng}, K.~Y. and {Ng}, S. and {Nguyen}, C. and {Nguyen}, P. and {Nguyen}, T. and {Nichols}, S.~A. and {Nissanke}, S. and {Nocera}, F. and {Noh}, M. and {North}, C. and {Nothard}, D. and {Nuttall}, L.~K. and {Oberling}, J. and {O'Brien}, B.~D. and {O'Dell}, J. and {Oganesyan}, G. and {Ogin}, G.~H. and {Oh}, J.~J. and {Oh}, S.~H. and {Ohme}, F. and {Ohta}, H. and {Okada}, M.~A. and {Olivetto}, C. and {Oppermann}, P. and {Oram}, R.~J. and {O'Reilly}, B. and {Ormiston}, R.~G. and {Ortega}, L.~F. and {O'Shaughnessy}, R. and {Ossokine}, S. and {Osthelder}, C. and {Ottaway}, D.~J. and {Overmier}, H. and {Owen}, B.~J. and {Pace}, A.~E. and {Pagano}, G. and {Page}, M.~A. and {Pagliaroli}, G. and {Pai}, A. and {Pai}, S.~A. and {Palamos}, J.~R. and {Palashov}, O. and {Palomba}, C. and {Pan}, H. and {Panda}, P.~K. and {Pang}, T.~H. and {Pankow}, C. and {Pannarale}, F. and {Pant}, B.~C. and {Paoletti}, F. and {Paoli}, A. and {Paolone}, A. and {Parker}, W. and {Pascucci}, D. and {Pasqualetti}, A. and {Passaquieti}, R. and {Passuello}, D. and {Patel}, M. and {Patricelli}, B. and {Payne}, E. and {Pechsiri}, T.~C. and {Pedraza}, M. and {Pegoraro}, M. and {Pele}, A. and {Penn}, S. and {Perego}, A. and {Perez}, C.~J. and {P{\'e}rigois}, C. and {Perreca}, A. and {Perri{\`e}s}, S. and {Petermann}, J. and {Petterson}, D. and {Pfeiffer}, H.~P. and {Pham}, K.~A. and {Phukon}, K.~S. and {Piccinni}, O.~J. and {Pichot}, M. and {Piendibene}, M. and {Piergiovanni}, F. and {Pierini}, L. and {Pierro}, V. and {Pillant}, G. and {Pilo}, F. and {Pinard}, L. and {Pinto}, I.~M. and {Piotrzkowski}, K. and {Pirello}, M. and {Pitkin}, M. and {Placidi}, E. and {Plastino}, W. and {Pluchar}, C. and {Poggiani}, R. and {Polini}, E. and {Pong}, D.~Y.~T. and {Ponrathnam}, S. and {Popolizio}, P. and {Porter}, E.~K. and {Poverman}, A. and {Powell}, J. and {Pracchia}, M. and {Prajapati}, A.~K. and {Prasai}, K. and {Prasanna}, R. and {Pratten}, G. and {Prestegard}, T. and {Principe}, M. and {Prodi}, G.~A. and {Prokhorov}, L. and {Prosposito}, P. and {Prudenzi}, L. and {Puecher}, A. and {Punturo}, M. and {Puosi}, F. and {Puppo}, P. and {P{\"u}rrer}, M. and {Qi}, H. and {Quetschke}, V. and {Quinonez}, P.~J. and {Quitzow-James}, R. and {Raab}, F.~J. and {Raaijmakers}, G. and {Radkins}, H. and {Radulesco}, N. and {Raffai}, P. and {Rafferty}, H. and {Rail}, S.~X. and {Raja}, S. and {Rajan}, C. and {Rajbhandari}, B. and {Rakhmanov}, M. and {Ramirez}, K.~E. and {Ramirez}, T.~D. and {Ramos-Buades}, A. and {Rana}, J. and {Rao}, K. and {Rapagnani}, P. and {Rapol}, U.~D. and {Ratto}, B. and {Raymond}, V. and {Razzano}, M. and {Read}, J. and {Regimbau}, T. and {Rei}, L. and {Reid}, S. and {Reitze}, D.~H. and {Rettegno}, P. and {Ricci}, F. and {Richardson}, C.~J. and {Richardson}, J.~W. and {Richardson}, L. and {Ricker}, P.~M. and {Riemenschneider}, G. and {Riles}, K. and {Rizzo}, M. and {Robertson}, N.~A. and {Robinet}, F. and {Rocchi}, A. and {Rocha}, J.~A. and {Rodriguez}, S. and {Rodriguez-Soto}, R.~D. and {Rolland}, L. and {Rollins}, J.~G. and {Roma}, V.~J. and {Romanelli}, M. and {Romano}, R. and {Romel}, C.~L. and {Romero}, A. and {Romero-Shaw}, I.~M. and {Romie}, J.~H. and {Ronchini}, S. and {Rose}, C.~A. and {Rose}, D. and {Rose}, K. and {Rosell}, M.~J.~B. and {Rosi{\'n}ska}, D. and {Rosofsky}, S.~G. and {Ross}, M.~P. and {Rowan}, S. and {Rowlinson}, S.~J. and {Roy}, Santosh and {Roy}, Soumen and {Ruggi}, P. and {Ryan}, K. and {Sachdev}, S. and {Sadecki}, T. and {Sadiq}, J. and {Sakellariadou}, M. and {Salafia}, O.~S. and {Salconi}, L. and {Saleem}, M. and {Samajdar}, A. and {Sanchez}, E.~J. and {Sanchez}, J.~H. and {Sanchez}, L.~E. and {Sanchis-Gual}, N. and {Sanders}, J.~R. and {Sandles}, L. and {Santiago}, K.~A. and {Santos}, E. and {Saravanan}, T.~R. and {Sarin}, N. and {Sassolas}, B. and {Sathyaprakash}, B.~S. and {Sauter}, O. and {Savage}, R.~L. and {Savant}, V. and {Sawant}, D. and {Sayah}, S. and {Schaetzl}, D. and {Schale}, P. and {Scheel}, M. and {Scheuer}, J. and {Schindler-Tyka}, A. and {Schmidt}, P. and {Schnabel}, R. and {Schofield}, R.~M.~S. and {Sch{\"o}nbeck}, A. and {Schreiber}, E. and {Schulte}, B.~W. and {Schutz}, B.~F. and {Schwarm}, O. and {Schwartz}, E. and {Scott}, J. and {Scott}, S.~M. and {Seglar-Arroyo}, M. and {Seidel}, E. and {Sellers}, D. and {Sengupta}, A.~S. and {Sennett}, N. and {Sentenac}, D. and {Sequino}, V. and {Sergeev}, A. and {Setyawati}, Y. and {Shaffer}, T. and {Shahriar}, M.~S. and {Sharifi}, S. and {Sharma}, A. and {Sharma}, P. and {Shawhan}, P. and {Shen}, H. and {Shikauchi}, M. and {Shink}, R. and {Shoemaker}, D.~H. and {Shoemaker}, D.~M. and {Shukla}, K. and {ShyamSundar}, S. and {Sieniawska}, M. and {Sigg}, D. and {Singer}, L.~P. and {Singh}, D. and {Singh}, N. and {Singha}, A. and {Singhal}, A. and {Sintes}, A.~M. and {Sipala}, V. and {Skliris}, V. and {Slagmolen}, B.~J.~J. and {Slaven-Blair}, T.~J. and {Smetana}, J. and {Smith}, J.~R. and {Smith}, R.~J.~E. and {Somala}, S.~N. and {Son}, E.~J. and {Soni}, K. and {Soni}, S. and {Sorazu}, B. and {Sordini}, V. and {Sorrentino}, F. and {Sorrentino}, N. and {Soulard}, R. and {Souradeep}, T. and {Sowell}, E. and {Spencer}, A.~P. and {Spera}, M. and {Srivastava}, A.~K. and {Srivastava}, V. and {Staats}, K. and {Stachie}, C. and {Steer}, D.~A. and {Steinhoff}, J. and {Steinke}, M. and {Steinlechner}, J. and {Steinlechner}, S. and {Steinmeyer}, D. and {Stevenson}, S.~P. and {Stolle-McAllister}, G. and {Stops}, D.~J. and {Stover}, M. and {Strain}, K.~A. and {Stratta}, G. and {Strunk}, A. and {Sturani}, R. and {Stuver}, A.~L. and {S{\"u}dbeck}, J. and {Sudhagar}, S. and {Sudhir}, V. and {Suh}, H.~G. and {Summerscales}, T.~Z. and {Sun}, H. and {Sun}, L. and {Sunil}, S. and {Sur}, A. and {Suresh}, J. and {Sutton}, P.~J. and {Swinkels}, B.~L. and {Szczepa{\'n}czyk}, M.~J. and {Tacca}, M. and {Tait}, S.~C. and {Talbot}, C. and {Tanasijczuk}, A.~J. and {Tanner}, D.~B. and {Tao}, D. and {Tapia}, A. and {Tapia San Martin}, E.~N. and {Tasson}, J.~D. and {Taylor}, R. and {Tenorio}, R. and {Terkowski}, L. and {Thirugnanasambandam}, M.~P. and {Thomas}, L.~M. and {Thomas}, M. and {Thomas}, P. and {Thompson}, J.~E. and {Thondapu}, S.~R. and {Thorne}, K.~A. and {Thrane}, E. and {Tiwari}, Shubhanshu and {Tiwari}, Srishti and {Tiwari}, V. and {Toland}, K. and {Tolley}, A.~E. and {Tonelli}, M. and {Tornasi}, Z. and {Torres-Forn{\'e}}, A. and {Torrie}, C.~I. and {e Melo}, I. Tosta and {T{\"o}yr{\"a}}, D. and {Tran}, A.~T. and {Trapananti}, A. and {Travasso}, F. and {Traylor}, G. and {Tringali}, M.~C. and {Tripathee}, A. and {Trovato}, A. and {Trudeau}, R.~J. and {Tsai}, D.~S. and {Tsang}, K.~W. and {Tse}, M. and {Tso}, R. and {Tsukada}, L. and {Tsuna}, D. and {Tsutsui}, T. and {Turconi}, M. and {Ubhi}, A.~S. and {Udall}, R.~P. and {Ueno}, K. and {Ugolini}, D. and {Unnikrishnan}, C.~S. and {Urban}, A.~L. and {Usman}, S.~A. and {Utina}, A.~C. and {Vahlbruch}, H. and {Vajente}, G. and {Vajpeyi}, A. and {Valdes}, G. and {Valentini}, M. and {Valsan}, V. and {van Bakel}, N. and {van Beuzekom}, M. and {van den Brand}, J.~F.~J. and {Van Den Broeck}, C. and {Vander-Hyde}, D.~C. and {van der Schaaf}, L. and {van Heijningen}, J.~V. and {Vardaro}, M. and {Vargas}, A.~F. and {Varma}, V. and {Vass}, S. and {Vas{\'u}th}, M. and {Vecchio}, A. and {Vedovato}, G. and {Veitch}, J. and {Veitch}, P.~J. and {Venkateswara}, K. and {Venneberg}, J. and {Venugopalan}, G. and {Verkindt}, D. and {Verma}, Y. and {Veske}, D. and {Vetrano}, F. and {Vicer{\'e}}, A. and {Viets}, A.~D. and {Vijaykumar}, A. and {Villa-Ortega}, V. and {Vinet}, J. -Y. and {Vitale}, S. and {Vo}, T. and {Vocca}, H. and {Vorvick}, C. and {Vyatchanin}, S.~P. and {Wade}, A.~R. and {Wade}, L.~E. and {Wade}, M. and {Walet}, R.~C. and {Walker}, M. and {Wallace}, G.~S. and {Wallace}, L. and {Walsh}, S. and {Wang}, J.~Z. and {Wang}, S. and {Wang}, W.~H. and {Wang}, Y.~F. and {Ward}, R.~L. and {Warner}, J. and {Was}, M. and {Washington}, N.~Y. and {Watchi}, J. and {Weaver}, B. and {Wei}, L. and {Weinert}, M. and {Weinstein}, A.~J. and {Weiss}, R. and {Wellmann}, F. and {Wen}, L. and {We{\ss}els}, P. and {Westhouse}, J.~W. and {Wette}, K. and {Whelan}, J.~T. and {White}, D.~D. and {White}, L.~V. and {Whiting}, B.~F. and {Whittle}, C. and {Wilken}, D.~M. and {Williams}, D. and {Williams}, M.~J. and {Williamson}, A.~R. and {Willis}, J.~L. and {Willke}, B. and {Wilson}, D.~J. and {Wimmer}, M.~H. and {Winkler}, W. and {Wipf}, C.~C. and {Woan}, G. and {Woehler}, J. and {Wofford}, J.~K. and {Wong}, I.~C.~F. and {Wrangel}, J. and {Wright}, J.~L. and {Wu}, D.~S. and {Wysocki}, D.~M. and {Xiao}, L. and {Yamamoto}, H. and {Yang}, L. and {Yang}, Y. and {Yang}, Z. and {Yap}, M.~J. and {Yeeles}, D.~W. and {Yoon}, A. and {Yu}, Hang and {Yu}, Haocun and {Yuen}, S.~H.~R. and {Zadro{\.Z}ny}, A. and {Zanolin}, M. and {Zelenova}, T. and {Zendri}, J. -P. and {Zevin}, M. and {Zhang}, J. and {Zhang}, L. and {Zhang}, R. and {Zhang}, T. and {Zhao}, C. and {Zhao}, G. and {Zheng}, Y. and {Zhou}, M. and {Zhou}, Z. and {Zhu}, X.~J. and {Zimmerman}, A.~B. and {Zlochower}, Y. and {Zucker}, M.~E. and {Zweizig}, J. and {LIGO Scientific Collaboration} and {Virgo Collaboration}},
        title = "{GWTC-2: Compact Binary Coalescences Observed by LIGO and Virgo during the First Half of the Third Observing Run}",
      journal = {Physical Review X},
     keywords = {General Relativity and Quantum Cosmology, Astrophysics - High Energy Astrophysical Phenomena},
         year = 2021,
        month = apr,
       volume = {11},
       number = {2},
          eid = {021053},
        pages = {021053},
          doi = {10.1103/PhysRevX.11.021053},
archivePrefix = {arXiv},
       eprint = {2010.14527},
 primaryClass = {gr-qc},
       adsurl = {https://ui.adsabs.harvard.edu/abs/2021PhRvX..11b1053A},
      adsnote = {Provided by the SAO/NASA Astrophysics Data System}
}

@ARTICLE{qin2018,
       author = {{Qin}, Y. and {Fragos}, T. and {Meynet}, G. and {Andrews}, J. and {S{\o}rensen}, M. and {Song}, H.~F.},
        title = "{The spin of the second-born black hole in coalescing binary black holes}",
      journal = {\aap},
     keywords = {binaries: close, stars: black holes, stars: evolution, Sun: rotation, gamma-ray burst: general, stars: Wolf-Rayet, Astrophysics - Solar and Stellar Astrophysics, High Energy Physics - Phenomenology},
         year = 2018,
        month = aug,
       volume = {616},
          eid = {A28},
        pages = {A28},
          doi = {10.1051/0004-6361/201832839},
archivePrefix = {arXiv},
       eprint = {1802.05738},
 primaryClass = {astro-ph.SR},
       adsurl = {https://ui.adsabs.harvard.edu/abs/2018A&A...616A..28Q},
      adsnote = {Provided by the SAO/NASA Astrophysics Data System}
}

@ARTICLE{olejak2021,
       author = {{Olejak}, A. and {Belczynski}, K.},
        title = "{The Implications of High Black Hole Spins for the Origin of Binary Black Hole Mergers}",
      journal = {\apjl},
     keywords = {Black holes, Compact objects, Massive stars, 162, 288, 732, Astrophysics - High Energy Astrophysical Phenomena},
         year = 2021,
        month = nov,
       volume = {921},
       number = {1},
          eid = {L2},
        pages = {L2},
          doi = {10.3847/2041-8213/ac2f48},
archivePrefix = {arXiv},
       eprint = {2109.06872},
 primaryClass = {astro-ph.HE},
       adsurl = {https://ui.adsabs.harvard.edu/abs/2021ApJ...921L...2O},
      adsnote = {Provided by the SAO/NASA Astrophysics Data System}
}

@INPROCEEDINGS{zahn2008,
       author = {{Zahn}, J. -P.},
        title = "{Tidal dissipation in binary systems}",
     keywords = {Astrophysics},
    booktitle = {EAS Publications Series},
         year = 2008,
       editor = {{Goupil}, M. -J. and {Zahn}, J. -P.},
       series = {EAS Publications Series},
       volume = {29},
        month = jan,
        pages = {67-90},
          doi = {10.1051/eas:0829002},
archivePrefix = {arXiv},
       eprint = {0807.4870},
 primaryClass = {astro-ph},
       adsurl = {https://ui.adsabs.harvard.edu/abs/2008EAS....29...67Z},
      adsnote = {Provided by the SAO/NASA Astrophysics Data System}
}

@ARTICLE{belczynski2020,
       author = {{Belczynski}, K. and {Klencki}, J. and {Fields}, C.~E. and {Olejak}, A. and {Berti}, E. and {Meynet}, G. and {Fryer}, C.~L. and {Holz}, D.~E. and {O'Shaughnessy}, R. and {Brown}, D.~A. and {Bulik}, T. and {Leung}, S.~C. and {Nomoto}, K. and {Madau}, P. and {Hirschi}, R. and {Kaiser}, E. and {Jones}, S. and {Mondal}, S. and {Chruslinska}, M. and {Drozda}, P. and {Gerosa}, D. and {Doctor}, Z. and {Giersz}, M. and {Ekstrom}, S. and {Georgy}, C. and {Askar}, A. and {Baibhav}, V. and {Wysocki}, D. and {Natan}, T. and {Farr}, W.~M. and {Wiktorowicz}, G. and {Coleman Miller}, M. and {Farr}, B. and {Lasota}, J. -P.},
        title = "{Evolutionary roads leading to low effective spins, high black hole masses, and O1/O2 rates for LIGO/Virgo binary black holes}",
      journal = {\aap},
     keywords = {stars: massive, black hole physics, gravitational waves, Astrophysics - High Energy Astrophysical Phenomena, General Relativity and Quantum Cosmology},
         year = 2020,
        month = apr,
       volume = {636},
          eid = {A104},
        pages = {A104},
          doi = {10.1051/0004-6361/201936528},
archivePrefix = {arXiv},
       eprint = {1706.07053},
 primaryClass = {astro-ph.HE},
       adsurl = {https://ui.adsabs.harvard.edu/abs/2020A&A...636A.104B},
      adsnote = {Provided by the SAO/NASA Astrophysics Data System}
}

@ARTICLE{hoyle1960,
       author = {{Hoyle}, F. and {Fowler}, William A.},
        title = "{Nucleosynthesis in Supernovae.}",
      journal = {\apj},
         year = 1960,
        month = nov,
       volume = {132},
        pages = {565},
          doi = {10.1086/146963},
       adsurl = {https://ui.adsabs.harvard.edu/abs/1960ApJ...132..565H},
      adsnote = {Provided by the SAO/NASA Astrophysics Data System}
}

@ARTICLE{janka2012,
       author = {{Janka}, Hans-Thomas},
        title = "{Explosion Mechanisms of Core-Collapse Supernovae}",
      journal = {Annual Review of Nuclear and Particle Science},
     keywords = {Astrophysics - Solar and Stellar Astrophysics, General Relativity and Quantum Cosmology, High Energy Physics - Phenomenology, Nuclear Theory},
         year = 2012,
        month = nov,
       volume = {62},
       number = {1},
        pages = {407-451},
          doi = {10.1146/annurev-nucl-102711-094901},
archivePrefix = {arXiv},
       eprint = {1206.2503},
 primaryClass = {astro-ph.SR},
       adsurl = {https://ui.adsabs.harvard.edu/abs/2012ARNPS..62..407J},
      adsnote = {Provided by the SAO/NASA Astrophysics Data System}
}

@ARTICLE{blaauw1961,
       author = {{Blaauw}, A.},
        title = "{On the origin of the O- and B-type stars with high velocities (the ``run-away'' stars), and some related problems}",
      journal = {\bain},
         year = 1961,
        month = may,
       volume = {15},
        pages = {265},
       adsurl = {https://ui.adsabs.harvard.edu/abs/1961BAN....15..265B},
      adsnote = {Provided by the SAO/NASA Astrophysics Data System}
}

@ARTICLE{kalogera1996,
       author = {{Kalogera}, Vassiliki},
        title = "{Orbital Characteristics of Binary Systems after Asymmetric Supernova Explosions}",
      journal = {\apj},
     keywords = {STARS: BINARIES: GENERAL, STARS: KINEMATICS, STARS: NEUTRON, STARS: SUPERNOVAE: GENERAL, Astrophysics},
         year = 1996,
        month = nov,
       volume = {471},
        pages = {352},
          doi = {10.1086/177974},
archivePrefix = {arXiv},
       eprint = {astro-ph/9605186},
 primaryClass = {astro-ph},
       adsurl = {https://ui.adsabs.harvard.edu/abs/1996ApJ...471..352K},
      adsnote = {Provided by the SAO/NASA Astrophysics Data System}
}

@ARTICLE{kalogera1998,
       author = {{Kalogera}, Vassiliki and {Webbink}, Ronald F.},
        title = "{Formation of Low-Mass X-Ray Binaries. II. Common Envelope Evolution of Primordial Binaries with Extreme Mass Ratios}",
      journal = {\apj},
     keywords = {STARS: BINARIES: CLOSE, STARS: EVOLUTION, STARS: INTERIORS, STARS: NEUTRON, X-RAYS: STARS, Stars: Binaries: Close, Stars: Evolution, Stars: Interiors, Stars: Neutron, X-Rays: Stars, Astrophysics},
         year = 1998,
        month = jan,
       volume = {493},
       number = {1},
        pages = {351-367},
          doi = {10.1086/305085},
archivePrefix = {arXiv},
       eprint = {astro-ph/9708223},
 primaryClass = {astro-ph},
       adsurl = {https://ui.adsabs.harvard.edu/abs/1998ApJ...493..351K},
      adsnote = {Provided by the SAO/NASA Astrophysics Data System}
}

@ARTICLE{qin2022a,
       author = {{Qin}, Ying and {Shu}, Xinwen and {Yi}, Shuangxi and {Wang}, Yuan-Zhu},
        title = "{Hypercritical Accretion for Black Hole High Spin in Cygnus X-1}",
      journal = {arXiv e-prints},
     keywords = {Astrophysics - High Energy Astrophysical Phenomena, Astrophysics - Solar and Stellar Astrophysics},
         year = 2022,
        month = jan,
          eid = {arXiv:2201.05611},
        pages = {arXiv:2201.05611},
archivePrefix = {arXiv},
       eprint = {2201.05611},
 primaryClass = {astro-ph.HE},
       adsurl = {https://ui.adsabs.harvard.edu/abs/2022arXiv220105611Q},
      adsnote = {Provided by the SAO/NASA Astrophysics Data System}
}

@ARTICLE{qin2022b,
       author = {{Qin}, Ying and {Wang}, Yuan-Zhu and {Wu}, Dong-Hong and {Meynet}, Georges and {Song}, Hanfeng},
        title = "{On the Angular Momentum Transport Efficiency within the Star Constrained from Gravitational-wave Observations}",
      journal = {\apj},
     keywords = {678, 732, 1629, 154, Astrophysics - High Energy Astrophysical Phenomena, General Relativity and Quantum Cosmology},
         year = 2022,
        month = jan,
       volume = {924},
       number = {2},
          eid = {129},
        pages = {129},
          doi = {10.3847/1538-4357/ac3982},
archivePrefix = {arXiv},
       eprint = {2108.04821},
 primaryClass = {astro-ph.HE},
       adsurl = {https://ui.adsabs.harvard.edu/abs/2022ApJ...924..129Q},
      adsnote = {Provided by the SAO/NASA Astrophysics Data System}
}

@ARTICLE{woosley1993,
       author = {{Woosley}, S.~E.},
        title = "{Gamma-Ray Bursts from Stellar Mass Accretion Disks around Black Holes}",
      journal = {\apj},
     keywords = {Accretion Disks, Black Holes (Astronomy), Gamma Ray Bursts, Stellar Evolution, Stellar Mass Accretion, Stellar Physics, Astronomical Models, Supernovae, Wolf-Rayet Stars, Space Radiation, ACCRETION, ACCRETION DISKS, BLACK HOLE PHYSICS, GAMMA RAYS: BURSTS, STARS: EVOLUTION, STARS: SUPERNOVAE: GENERAL},
         year = 1993,
        month = mar,
       volume = {405},
        pages = {273},
          doi = {10.1086/172359},
       adsurl = {https://ui.adsabs.harvard.edu/abs/1993ApJ...405..273W},
      adsnote = {Provided by the SAO/NASA Astrophysics Data System}
}

@ARTICLE{paczynski1998,
       author = {{Paczy{\'n}ski}, Bohdan},
        title = "{Are Gamma-Ray Bursts in Star-Forming Regions?}",
      journal = {\apjl},
     keywords = {GAMMA RAYS: BURSTS, STARS: BINARIES: CLOSE, STARS: NEUTRON, STARS: SUPERNOVAE: GENERAL, Stars: Binaries: Close, Gamma Rays: Bursts, Stars: Neutron, Stars: Supernovae: General, Astrophysics},
         year = 1998,
        month = feb,
       volume = {494},
       number = {1},
        pages = {L45-L48},
          doi = {10.1086/311148},
archivePrefix = {arXiv},
       eprint = {astro-ph/9710086},
 primaryClass = {astro-ph},
       adsurl = {https://ui.adsabs.harvard.edu/abs/1998ApJ...494L..45P},
      adsnote = {Provided by the SAO/NASA Astrophysics Data System}
}

@BOOK{landau1975,
       author = {{Landau}, Lev Davidovich and {Lifshitz}, E.~M.},
        title = "{The classical theory of fields}",
         year = 1975,
       adsurl = {https://ui.adsabs.harvard.edu/abs/1975ctf..book.....L},
      adsnote = {Provided by the SAO/NASA Astrophysics Data System}
}

@ARTICLE{soberman1997,
       author = {{Soberman}, G.~E. and {Phinney}, E.~S. and {van den Heuvel}, E.~P.~J.},
        title = "{Stability criteria for mass transfer in binary stellar evolution.}",
      journal = {\aap},
     keywords = {CLOSE BINARIES, TIDAL INTERACTION, MASS TRANSFER, Astrophysics},
         year = 1997,
        month = nov,
       volume = {327},
        pages = {620-635},
archivePrefix = {arXiv},
       eprint = {astro-ph/9703016},
 primaryClass = {astro-ph},
       adsurl = {https://ui.adsabs.harvard.edu/abs/1997A&A...327..620S},
      adsnote = {Provided by the SAO/NASA Astrophysics Data System}
}

@ARTICLE{kippenhahn1967,
       author = {{Kippenhahn}, R. and {Weigert}, A.},
        title = "{Entwicklung in engen Doppelsternsystemen I. Massenaustausch vor und nach Beendigung des zentralen Wasserstoff-Brennens}",
      journal = {\zap},
         year = 1967,
        month = jan,
       volume = {65},
        pages = {251},
       adsurl = {https://ui.adsabs.harvard.edu/abs/1967ZA.....65..251K},
      adsnote = {Provided by the SAO/NASA Astrophysics Data System}
}

@ARTICLE{fuller2022,
       author = {{Fuller}, Jim and {Lu}, Wenbin},
        title = "{The spins of compact objects born from helium stars in binary systems}",
      journal = {\mnras},
     keywords = {stars: binaries: general, stars: black holes, stars: massive, stars: rotation, stars: supernovae: general, stars: Wolf-Rayet, Astrophysics - High Energy Astrophysical Phenomena, Astrophysics - Astrophysics of Galaxies, Astrophysics - Solar and Stellar Astrophysics},
         year = 2022,
        month = apr,
       volume = {511},
       number = {3},
        pages = {3951-3964},
          doi = {10.1093/mnras/stac317},
archivePrefix = {arXiv},
       eprint = {2201.08407},
 primaryClass = {astro-ph.HE},
       adsurl = {https://ui.adsabs.harvard.edu/abs/2022MNRAS.511.3951F},
      adsnote = {Provided by the SAO/NASA Astrophysics Data System}
}

@INPROCEEDINGS{jupyter,
    booktitle = {Positioning and Power in Academic Publishing: Players, Agents and Agendas},
       editor = {Fernando Loizides and Birgit Scmidt},
        title = {Jupyter Notebooks ? a publishing format for reproducible computational workflows},
       author = {Thomas Kluyver and Benjamin Ragan-Kelley and Fernando P{\'e}rez and Brian Granger and Matthias Bussonnier and Jonathan Frederic and Kyle Kelley and Jessica Hamrick and Jason Grout and Sylvain Corlay and Paul Ivanov and Dami{\'a}n Avila and Safia Abdalla and Carol Willing and  Jupyter development team},
    publisher = {IOS Press},
         year = {2016},
        pages = {87--90},
          url = {https://eprints.soton.ac.uk/403913/},
     abstract = {It is increasingly necessary for researchers in all fields to write computer code, and in order to reproduce research results, it is important that this code is published. We present Jupyter notebooks, a document format for publishing code, results and explanations in a form that is both readable and executable. We discuss various tools and use cases for notebook documents.}
}

@ARTICLE{hunter2007,
    author    = {Hunter, J. D.},
    title     = {Matplotlib: A 2D graphics environment},
    journal   = {Computing in Science \& Engineering},
    volume    = {9},
    number    = {3},
    pages     = {90--95},
    abstract  = {Matplotlib is a 2D graphics package used for Python for application development, interactive scripting, and publication-quality image generation across user interfaces and operating systems.},
    publisher = {IEEE COMPUTER SOC},
    doi       = {10.1109/MCSE.2007.55},
    year      = 2007
}

@ARTICLE{harris2020,
title         = {Array programming with {NumPy}},
author        = {Charles R. Harris and K. Jarrod Millman and St{'{e}}fan J.
                 van der Walt and Ralf Gommers and Pauli Virtanen and David
                 Cournapeau and Eric Wieser and Julian Taylor and Sebastian
                 Berg and Nathaniel J. Smith and Robert Kern and Matti Picus
                 and Stephan Hoyer and Marten H. van Kerkwijk and Matthew
                 Brett and Allan Haldane and Jaime Fern{'{a}}ndez del
                 R{'{\i}}o and Mark Wiebe and Pearu Peterson and Pierre
                 G{'{e}}rard-Marchant and Kevin Sheppard and Tyler Reddy and
                 Warren Weckesser and Hameer Abbasi and Christoph Gohlke and
                 Travis E. Oliphant},
year          = {2020},
month         = sep,
journal       = {Nature},
volume        = {585},
number        = {7825},
pages         = {357--362},
doi           = {10.1038/s41586-020-2649-2},
publisher     = {Springer Science and Business Media {LLC}},
url           = {https://doi.org/10.1038/s41586-020-2649-2}
}

@ARTICLE{cantiello2014,
       author = {{Cantiello}, Matteo and {Mankovich}, Christopher and {Bildsten}, Lars and {Christensen-Dalsgaard}, J{\o}rgen and {Paxton}, Bill},
        title = "{Angular Momentum Transport within Evolved Low-mass Stars}",
      journal = {\apj},
     keywords = {asteroseismology, methods: numerical, stars: evolution, stars: interiors, stars: rotation, Astrophysics - Solar and Stellar Astrophysics},
         year = 2014,
        month = jun,
       volume = {788},
       number = {1},
          eid = {93},
        pages = {93},
          doi = {10.1088/0004-637X/788/1/93},
archivePrefix = {arXiv},
       eprint = {1405.1419},
 primaryClass = {astro-ph.SR},
       adsurl = {https://ui.adsabs.harvard.edu/abs/2014ApJ...788...93C},
      adsnote = {Provided by the SAO/NASA Astrophysics Data System}
}

@ARTICLE{fuller2014,
       author = {{Fuller}, Jim and {Lecoanet}, Daniel and {Cantiello}, Matteo and {Brown}, Ben},
        title = "{Angular Momentum Transport via Internal Gravity Waves in Evolving Stars}",
      journal = {\apj},
     keywords = {asteroseismology, hydrodynamics, stars: evolution, stars: interiors, stars: oscillations, Sun: helioseismology, Sun: rotation, turbulence, waves, Astrophysics - Solar and Stellar Astrophysics},
         year = 2014,
        month = nov,
       volume = {796},
       number = {1},
          eid = {17},
        pages = {17},
          doi = {10.1088/0004-637X/796/1/17},
archivePrefix = {arXiv},
       eprint = {1409.6835},
 primaryClass = {astro-ph.SR},
       adsurl = {https://ui.adsabs.harvard.edu/abs/2014ApJ...796...17F},
      adsnote = {Provided by the SAO/NASA Astrophysics Data System}
}

@ARTICLE{bavera2020,
       author = {{Bavera}, Simone S. and {Fragos}, Tassos and {Qin}, Ying and {Zapartas}, Emmanouil and {Neijssel}, Coenraad J. and {Mandel}, Ilya and {Batta}, Aldo and {Gaebel}, Sebastian M. and {Kimball}, Chase and {Stevenson}, Simon},
        title = "{The origin of spin in binary black holes. Predicting the distributions of the main observables of Advanced LIGO}",
      journal = {\aap},
     keywords = {stars: black holes, gravitational waves, binaries close, black hole physics, Astrophysics - High Energy Astrophysical Phenomena},
         year = 2020,
        month = mar,
       volume = {635},
          eid = {A97},
        pages = {A97},
          doi = {10.1051/0004-6361/201936204},
archivePrefix = {arXiv},
       eprint = {1906.12257},
 primaryClass = {astro-ph.HE},
       adsurl = {https://ui.adsabs.harvard.edu/abs/2020A&A...635A..97B},
      adsnote = {Provided by the SAO/NASA Astrophysics Data System}
}

@ARTICLE{aerts2019,
       author = {{Aerts}, Conny and {Mathis}, St{\'e}phane and {Rogers}, Tamara M.},
        title = "{Angular Momentum Transport in Stellar Interiors}",
      journal = {\araa},
     keywords = {Astrophysics - Solar and Stellar Astrophysics},
         year = 2019,
        month = aug,
       volume = {57},
        pages = {35-78},
          doi = {10.1146/annurev-astro-091918-104359},
archivePrefix = {arXiv},
       eprint = {1809.07779},
 primaryClass = {astro-ph.SR},
       adsurl = {https://ui.adsabs.harvard.edu/abs/2019ARA&A..57...35A},
      adsnote = {Provided by the SAO/NASA Astrophysics Data System}
}

@ARTICLE{fuller2019,
       author = {{Fuller}, Jim and {Piro}, Anthony L. and {Jermyn}, Adam S.},
        title = "{Slowing the spins of stellar cores}",
      journal = {\mnras},
     keywords = {asteroseismology, instabilities, MHD, stars: evolution, stars: interiors, stars: rotation, Astrophysics - Solar and Stellar Astrophysics},
         year = 2019,
        month = may,
       volume = {485},
       number = {3},
        pages = {3661-3680},
          doi = {10.1093/mnras/stz514},
archivePrefix = {arXiv},
       eprint = {1902.08227},
 primaryClass = {astro-ph.SR},
       adsurl = {https://ui.adsabs.harvard.edu/abs/2019MNRAS.485.3661F},
      adsnote = {Provided by the SAO/NASA Astrophysics Data System}
}

@ARTICLE{eggenberger2019,
       author = {{Eggenberger}, P. and {Deheuvels}, S. and {Miglio}, A. and {Ekstr{\"o}m}, S. and {Georgy}, C. and {Meynet}, G. and {Lagarde}, N. and {Salmon}, S. and {Buldgen}, G. and {Montalb{\'a}n}, J. and {Spada}, F. and {Ballot}, J.},
        title = "{Asteroseismology of evolved stars to constrain the internal transport of angular momentum. I. Efficiency of transport during the subgiant phase}",
      journal = {\aap},
     keywords = {stars: rotation, stars: oscillations, stars: interiors, Astrophysics - Solar and Stellar Astrophysics},
         year = 2019,
        month = jan,
       volume = {621},
          eid = {A66},
        pages = {A66},
          doi = {10.1051/0004-6361/201833447},
archivePrefix = {arXiv},
       eprint = {1812.04995},
 primaryClass = {astro-ph.SR},
       adsurl = {https://ui.adsabs.harvard.edu/abs/2019A&A...621A..66E},
      adsnote = {Provided by the SAO/NASA Astrophysics Data System}
}

@ARTICLE{denhartogh2019,
       author = {{den Hartogh}, J.~W. and {Eggenberger}, P. and {Hirschi}, R.},
        title = "{Constraining transport of angular momentum in stars. Combining asteroseismic observations of core helium burning stars and white dwarfs}",
      journal = {\aap},
     keywords = {stars: evolution, stars: rotation, stars: oscillations, stars: interiors, Astrophysics - Solar and Stellar Astrophysics},
         year = 2019,
        month = feb,
       volume = {622},
          eid = {A187},
        pages = {A187},
          doi = {10.1051/0004-6361/201834330},
archivePrefix = {arXiv},
       eprint = {1902.04293},
 primaryClass = {astro-ph.SR},
       adsurl = {https://ui.adsabs.harvard.edu/abs/2019A&A...622A.187D},
      adsnote = {Provided by the SAO/NASA Astrophysics Data System}
}

@ARTICLE{spada2016,
       author = {{Spada}, F. and {Gellert}, M. and {Arlt}, R. and {Deheuvels}, S.},
        title = "{Angular momentum transport efficiency in post-main sequence low-mass stars}",
      journal = {\aap},
     keywords = {asteroseismology, magnetohydrodynamics (MHD), stars: rotation, stars: solar-type, stars: magnetic field, stars: interiors, Astrophysics - Solar and Stellar Astrophysics},
         year = 2016,
        month = may,
       volume = {589},
          eid = {A23},
        pages = {A23},
          doi = {10.1051/0004-6361/201527591},
archivePrefix = {arXiv},
       eprint = {1603.01119},
 primaryClass = {astro-ph.SR},
       adsurl = {https://ui.adsabs.harvard.edu/abs/2016A&A...589A..23S},
      adsnote = {Provided by the SAO/NASA Astrophysics Data System}
}

@ARTICLE{scheck2006,
       author = {{Scheck}, L. and {Kifonidis}, K. and {Janka}, H. -Th. and {M{\"u}ller}, E.},
        title = "{Multidimensional supernova simulations with approximative neutrino transport. I. Neutron star kicks and the anisotropy of neutrino-driven explosions in two spatial dimensions}",
      journal = {\aap},
     keywords = {hydrodynamics, instabilities, radiative transfer, neutrinos, stars: supernovae: general, pulsars: general, Astrophysics},
         year = 2006,
        month = oct,
       volume = {457},
       number = {3},
        pages = {963-986},
          doi = {10.1051/0004-6361:20064855},
archivePrefix = {arXiv},
       eprint = {astro-ph/0601302},
 primaryClass = {astro-ph},
       adsurl = {https://ui.adsabs.harvard.edu/abs/2006A&A...457..963S},
      adsnote = {Provided by the SAO/NASA Astrophysics Data System}
}

@ARTICLE{herant1994,
       author = {{Herant}, Marc and {Benz}, Willy and {Hix}, W. Raphael and {Fryer}, Chris L. and {Colgate}, Stirling A.},
        title = "{Inside the Supernova: A Powerful Convective Engine}",
      journal = {\apj},
     keywords = {Carnot Cycle, Convective Heat Transfer, Flow Stability, Hydrodynamics, Massive Stars, Stellar Evolution, Stellar Models, Supernovae, Mathematical Models, Neutron Stars, Stellar Envelopes, Stellar Interiors, Astrophysics, HYDRODYNAMICS, STARS: INTERIORS, STARS: NEUTRON, STARS: SUPERNOVAE: GENERAL, Astrophysics},
         year = 1994,
        month = nov,
       volume = {435},
        pages = {339},
          doi = {10.1086/174817},
archivePrefix = {arXiv},
       eprint = {astro-ph/9404024},
 primaryClass = {astro-ph},
       adsurl = {https://ui.adsabs.harvard.edu/abs/1994ApJ...435..339H},
      adsnote = {Provided by the SAO/NASA Astrophysics Data System}
}

@ARTICLE{burrows1995,
       author = {{Burrows}, Adam and {Hayes}, John and {Fryxell}, Bruce A.},
        title = "{On the Nature of Core-Collapse Supernova Explosions}",
      journal = {\apj},
     keywords = {NUCLEAR REACTIONS, NUCLEOSYNTHESIS, ABUNDANCES, STARS: INTERIORS, STARS: SUPERNOVAE: GENERAL, Astrophysics},
         year = 1995,
        month = sep,
       volume = {450},
        pages = {830},
          doi = {10.1086/176188},
archivePrefix = {arXiv},
       eprint = {astro-ph/9506061},
 primaryClass = {astro-ph},
       adsurl = {https://ui.adsabs.harvard.edu/abs/1995ApJ...450..830B},
      adsnote = {Provided by the SAO/NASA Astrophysics Data System}
}

@ARTICLE{janka1996,
       author = {{Janka}, H. -T. and {Mueller}, E.},
        title = "{Neutrino heating, convection, and the mechanism of Type-II supernova explosions.}",
      journal = {\aap},
     keywords = {SUPERNOVAE: GENERAL, ELEMENTARY PARTICLES: NEUTRINOS, TURBULENCE, CONVECTION, SUPERNOVAE: INDIVIDUAL: SN 1987A},
         year = 1996,
        month = feb,
       volume = {306},
        pages = {167},
       adsurl = {https://ui.adsabs.harvard.edu/abs/1996A&A...306..167J},
      adsnote = {Provided by the SAO/NASA Astrophysics Data System}
}

@ARTICLE{keil1996,
       author = {{Keil}, Wolfgang and {Janka}, H. -Thomas and {Mueller}, Ewald},
        title = "{Ledoux Convection in Protoneutron Stars---A Clue to Supernova Nucleosynthesis?}",
      journal = {\apjl},
     keywords = {STARS: SUPERNOVAE: GENERAL, ELEMENTARY PARTICLES, TURBULENCE, CONVECTION, HYDRODYNAMICS, Astrophysics, High Energy Physics - Phenomenology},
         year = 1996,
        month = dec,
       volume = {473},
        pages = {L111},
          doi = {10.1086/310404},
archivePrefix = {arXiv},
       eprint = {astro-ph/9610203},
 primaryClass = {astro-ph},
       adsurl = {https://ui.adsabs.harvard.edu/abs/1996ApJ...473L.111K},
      adsnote = {Provided by the SAO/NASA Astrophysics Data System}
}

@ARTICLE{kotake2003,
       author = {{Kotake}, Kei and {Yamada}, Shoichi and {Sato}, Katsuhiko},
        title = "{Anisotropic Neutrino Radiation in Rotational Core Collapse}",
      journal = {\apj},
     keywords = {Methods: Numerical, Neutrinos, Stars: Rotation, Stars: Supernovae: General},
         year = 2003,
        month = sep,
       volume = {595},
       number = {1},
        pages = {304-316},
          doi = {10.1086/377196},
       adsurl = {https://ui.adsabs.harvard.edu/abs/2003ApJ...595..304K},
      adsnote = {Provided by the SAO/NASA Astrophysics Data System}
}
